% IMPORTANT CHECK IF ALL ARE CORRECT
% !!!!!!!!!!!!!!!!!!!!!!!!!!!!!!!!!!

@online{FluorescenceSpectraViewer,
  title = {Fluorescence {SpectraViewer}},
  url = {https://www.thermofisher.com/order/fluorescence-spectraviewer/#!/},
  addendum = {Geopend: 29.03.2025},
}

@online{LEDSpectrumSimulator,
  title = {{{LED Spectrum Simulator}} | {{Waveform Lighting}}},
  url = {https://www.waveformlighting.com/led-spectrum-simulator},
  addendum = {Geopend: 29.03.2025},
  organization = {Waveform Lighting},
}

@online{Chromaticiteit2017,
  editor = {Wikipedia},
  title = {Chromaticiteit},
  date = {2017-09-04},
  url = {https://nl.wikipedia.org/w/index.php?title=Chromaticiteit&oldid=49823391},
  addendum = {Geopend: 29.03.2025},
}


@software{selverianColorCalculatorSoftware2017,
  title = {{{ColorCalculator}} Software},
  author = {John Selverian},
  date = {2017-11-08},
  organization = {JAHM Software Inc.},
  addendum = {Geopend: 29.03.2025},
  url = {https://www.researchgate.net/publication/320930275_ColorCalculator_software},
}

@book{david2018,
  title = {IES Method for Evaluating Light Source Color Rendition},
  author = {A. David et al.},
  publisher = {IES Illuminating engineering society},
  year = {2018},
  isbn = {978-0-87995-379-9},
}


@article{hahnClosingGreenGapb,
  title = {Closing the Green Gap},
  author = {B. Hahn and A. Bauer and M. Binder},
  date = {2019-01-29},
  journal = {Osram Opto Semiconductors},
  url = {https://www.energy.gov/sites/prod/files/2019/02/f59/hahn-gap_ssl-rd2019.pdf},
}


@article{ohnoSpectralDesignConsiderations2005,
  title = {Spectral Design Considerations for White LED Color Rendering},
  author = {Yoshi Ohno},
  date = {2005-11-01},
  journaltitle = {Optical Engineering},
  volume = {44},
  number = {11},
  issn = {0091-3286},
  url = {http://opticalengineering.spiedigitallibrary.org/article.aspx?doi=10.1117/1.2130694},
  addendum = {Geopend: 29.03.2025},
}


@article{smetTutorialLuxPyPython2020,
  title = {Tutorial: The LuxPy Python Toolbox for Lighting and Color Science},
  author = {Kevin A. G. Smet},
  journaltitle = {LEUKOS},
  volume = {16},
  number = {3},
  pages = {179--201},
  doi = {10.1080/15502724.2018.1518717},
  url = {https://doi.org/10.1080/15502724.2018.1518717},
  addendum = {Geopend: 29.03.2025},
  date = {2019-05-02},
}

@online{simsWhatGamutArea2022,
  title = {What Is the {{Gamut Area Index}} ({{GAI}}) for {{Color Rendition}}?},
  author = {Sims, Paul},
  date = {2022-01-16},
  url = {https://luminusdevices.zendesk.com/hc/en-us/articles/4419618181389-What-is-the-Gamut-Area-Index-GAI-for-Color-Rendition},
  addendum = {Geopend: 29.03.2025},
  organization = {Luminus Devices},
}

@online{ChromaticAdaptation2023,
  editor = {Wikipedia},
  title = {Chromatic Adaptation},
  date = {2023-12-08},
  url = {https://en.wikipedia.org/w/index.php?title=Chromatic_adaptation&oldid=1188854965},
  addendum = {Geopend: 29.03.2025},
}

@online{CIE1931ColorSpace2024,
  editor = {Wikipedia},
  title = {CIE 1931 Color Space},
  date = {2025-03-25},
  url = {https://en.wikipedia.org/wiki/CIE_1931_color_space},
  addendum = {Geopend: 29.03.2025},
}

@online{ColorRenderingLight,
  title = {Color Rendering of Light Sources},
  url = {https://www.digikey.pl/pl/articles/color-rendering-of-light-sources},
  addendum = {Geopend: 29.03.2025},
  date = {2011-02-04},
  organization = {DigiKey},
}

@online{ExternalQuantumEfficiency,
  title = {External Quantum Efficiency},
  year = {2016},
  url = {https://www.sciencedirect.com/topics/engineering/external-quantum-efficiency},
  addendum = "(Geopend: 29.03.2025)",
}

@article{saleemGamificationApplicationsElearning2022,
  title = {Gamification {{Applications}} in {{E-learning}}: {{A Literature Review}}},
  author = {Awaz Naaman Saleem and Narmin Mohammed Noori and Fezile Ozdamli},
  addendum = {Geopend: 29.03.2025},
  journaltitle = {Technology, Knowledge and Learning},
  volume = {27},
  number = {1},
  pages = {139--159},
  issn = {2211-1670},
  doi = {10.1007/s10758-020-09487-x},
  url = {https://doi.org/10.1007/s10758-020-09487-x}
}

@online{PhosphorModelingLightTools,
  title = {Phosphor Modeling in LightTools},
  author = {Micheal Zollers},
  url = {https://www.synopsys.com/content/dam/synopsys/optical-solutions/documents/datasheets/modeling-phosphors-in-lighttools.pdf},
  year = {2011},
  addendum = "(Geopend: 29.03.2025)",
}

@book{LightingTechnologyHandbook,
  title = {The lighting handbook},
  edition = {10th},
  author = {David L. DiLaura and Kevin W. Houser and Richard G. Mistrick and Gary R. Steffy},
  publisher = {IES Illuminating Engineering Society},
  isbn = {978-087995-241-9},
  year = {2011}
}

@book{InteriorLightingHandbook,
  title = {Interior lighting},
  subtitle = {Fundamentals, Technology and Application},
  author = {Wout van Bommel},
  publisher = {Springer},
  isbn = {978-3-030-17194-0},
  year = {2019}
}

@book{Light-EmittingDiodes,
  title = {Light-Emitting Diodes},
  author = {E. Fred Schubert},
  edition = {2nd},
  publisher = {Cambridge University Press},
  isbn = {978-0-521-86538-8},
  year = {2006}
}

@book{FundamentalsofSolidStateLighting,
  title = {Fundamentals of Solid-State Lighting},
  subtitle = {LEDs, OLEDs, and Their Applications in Illumination and Displays},
  author = {Vinod Kumar Khanna},
  publisher = {CRC Press},
  isbn = {978-1-4665-6109-0},
  year = {2014}
}

@book{FrontiersEQE,
  title = {Light-Emitting Diode Technology for Solid-State Lighting},
  url = {https://nap.nationalacademies.org/read/12821/chapter/12},
  addendum = {Geopend: 29.03.2025},
  author = {Mike Krames},
  publisher = {Soraa Inc.},
  year = {2010},
}

@Inbook{zhuSolidStateLightingBased2016EQE,
  title = {Solid-State Lighting Based on Light Emitting Diode Technology},
  booktitle = {Optics in {{Our Time}}},
  editor={Al-Amri, Mohammad D.
    and El-Gomati, Mohamed
    and Zubairy, M. Suhail},
  year = {2016},
  author = {Dandan Zhu and Colin J. Humphreys},
  date = {2016-12-14},
  pages = {87--118},
  publisher = {Springer},
  doi = {10.1007/978-3-319-31903-2_5},
  url = {https://doi.org/10.1007/978-3-319-31903-2_5},
  addendum = {"Geopend: 29.03.2025"},
  isbn = {978-3-319-31903-2},
}

@online{rootPrincipleBasicCalculation,
  title = {The Principle and Basic Calculation of {{CRI}}},
  author = {Cherry Shen},
  date = {2022-02-24},
  url = {https://www.lisungroup.com/news/technology-news/the-principle-and-basic-calculation-of-cri.html},
  addendum = {Geopend: 29.03.2025},
  organization = {LISUN GROUP},
}

@online{ColorRenderingIndexWiki,
  editor = {Wikipedia},
  title = {Color rendering index},
  date = {2025-03-24},
  url = {https://en.wikipedia.org/wiki/Color_rendering_index},
  addendum = {Geopend: 29.03.2025},
}

@online{krukowskiVue3I18n2023,
  title = {Vue 3 I18n: {{Building}} a Multi-Language App with Locale Switcher},
  author = {Ilya Krukowski},
  date = {2024-07-16},
  url = {https://lokalise.com/blog/vue-i18n/},
  addendum = {Geopend: 29.03.2025},
  organization = {Lokalise Blog},
}

@online{WhatCRIR9,
  title = {What Is {{CRI R9}} and {{Why}} Is It {{Important}}? | {{Waveform Lighting}}},
  url = {https://www.waveformlighting.com/tech/what-is-cri-r9-and-why-is-it-important},
  organization = {Waveform Lighting},
  addendum = {Geopend: 29.03.2025}, 
}